<?xml version="1.0" encoding="UTF-8"?><collection xmlns="http://www.loc.gov/MARC21/slim"><record><leader>00461nam--2200133-i-4500</leader><controlfield tag="001">000012503</controlfield><controlfield tag="002">20161230</controlfield><controlfield tag="005">20170206234938</controlfield><controlfield tag="008">060222s1000------------r-----000-0-eng-d</controlfield><datafield ind1=" " ind2=" " tag="245"><subfield code="a">Datapro 70 the edp buyer s bible. Vol.3: Software, section 70e-comunications, section 70g-suppliers, section 70h media&amp; supplies, section 70j</subfield></datafield><datafield ind1=" " ind2=" " tag="260"><subfield code="a">Derran, New Jersey</subfield><subfield code="b">Datapro Research Corp</subfield><subfield code="c">1977</subfield></datafield><datafield ind1=" " ind2=" " tag="300"><subfield code="a">/P.Dif</subfield></datafield><datafield ind1=" " ind2=" " tag="852"><subfield code="a">681.3(085.4)</subfield></datafield><datafield ind1=" " ind2=" " tag="CAT"><subfield code="a">SYS</subfield><subfield code="c">20170206</subfield><subfield code="h">234938</subfield></datafield></record></collection>